<?xml version="1.0" encoding="UTF-8"?><collection xmlns="http://www.loc.gov/MARC21/slim"><record><leader>00405nam--2200145-i-4500</leader><controlfield tag="001">000008786</controlfield><controlfield tag="002">20161230</controlfield><controlfield tag="005">20170306184600</controlfield><controlfield tag="008">060222s1000------------r-----000-0-eng-d</controlfield><datafield ind1=" " ind2=" " tag="245"><subfield code="a">Anglo-american microelectronics data 1968-69. Vol.1: Manufacturers a-p</subfield></datafield><datafield ind1=" " ind2=" " tag="260"><subfield code="a">Oxford</subfield><subfield code="b">Pergamon Press</subfield><subfield code="c">1968</subfield></datafield><datafield ind1=" " ind2=" " tag="300"><subfield code="a">XXIX+1549 p</subfield></datafield><datafield ind1=" " ind2=" " tag="700"><subfield code="a">Mackenzie, J</subfield></datafield><datafield ind1=" " ind2=" " tag="852"><subfield code="a">621.38.049.7</subfield></datafield><datafield ind1=" " ind2=" " tag="CAT"><subfield code="a">SYS</subfield><subfield code="c">20170306</subfield><subfield code="h">184600</subfield></datafield></record></collection>